<record><leader>00000cas a2200000 a 4500</leader><controlfield tag="001">24616000</controlfield><controlfield tag="008">911024d18uu1883iluwr ne      0   a0eng c</controlfield><datafield ind1=" " ind2=" " tag="010"><subfield code="a">sn 91054708 </subfield></datafield><datafield ind1=" " ind2=" " tag="040"><subfield code="a">NVF</subfield><subfield code="b">eng</subfield><subfield code="c">NVF</subfield><subfield code="d">OCL</subfield><subfield code="d">NVF</subfield><subfield code="d">OCLCQ</subfield><subfield code="d">NVF</subfield><subfield code="d">OCLCO</subfield><subfield code="d">OCLCF</subfield></datafield><datafield ind1="1" ind2=" " tag="029"><subfield code="a">AU@</subfield><subfield code="b">000026751672</subfield></datafield><datafield ind1=" " ind2=" " tag="042"><subfield code="a">pcc</subfield></datafield><datafield ind1=" " ind2=" " tag="043"><subfield code="a">n-us-il</subfield></datafield><datafield ind1="0" ind2=" " tag="130"><subfield code="a">Cass County Democrat (Beardstown, Ill.)</subfield></datafield><datafield ind1="1" ind2="0" tag="245"><subfield code="a">Cass County Democrat.</subfield></datafield><datafield ind1=" " ind2=" " tag="260"><subfield code="a">Beardstown, Ill. :</subfield><subfield code="b">Jos. P. Sailer</subfield></datafield><datafield ind1=" " ind2=" " tag="300"><subfield code="a">v.</subfield></datafield><datafield ind1=" " ind2=" " tag="310"><subfield code="a">Weekly</subfield></datafield><datafield ind1="1" ind2=" " tag="362"><subfield code="a">Ceased in 1883.</subfield></datafield><datafield ind1=" " ind2=" " tag="580"><subfield code="a">Merged with: Central Illinoian, to form: Illinoian-Democrat.</subfield></datafield><datafield ind1=" " ind2=" " tag="588"><subfield code="a">Description based on: Vol. 6, no. 8 (June 4, 1881).</subfield></datafield><datafield ind1=" " ind2=" " tag="588"><subfield code="a">Latest issue consulted: Vol. 6, no. 8 (June 4, 1881).</subfield></datafield><datafield ind1=" " ind2="0" tag="651"><subfield code="a">Cass County (Ill.)</subfield><subfield code="v">Newspapers.</subfield></datafield><datafield ind1=" " ind2="7" tag="655"><subfield code="a">Newspapers.</subfield><subfield code="2">fast</subfield><subfield code="0">(OCoLC)fst01423814</subfield></datafield><datafield ind1=" " ind2="7" tag="651"><subfield code="a">Illinois</subfield><subfield code="z">Cass County.</subfield><subfield code="2">fast</subfield><subfield code="0">(OCoLC)fst01206378</subfield></datafield><datafield ind1=" " ind2=" " tag="752"><subfield code="a">United States</subfield><subfield code="b">Illinois</subfield><subfield code="c">Cass</subfield><subfield code="d">Beardstown.</subfield></datafield><datafield ind1="0" ind2="0" tag="780"><subfield code="t">Cass County messenger (Beardstown, Ill.)</subfield><subfield code="w">(DLC)sn 91054707</subfield><subfield code="w">(OCoLC)24615861</subfield></datafield><datafield ind1="1" ind2="7" tag="785"><subfield code="t">Central Illinoian</subfield><subfield code="w">(DLC)sn 84024153</subfield><subfield code="w">(OCoLC)10582594</subfield></datafield><datafield ind1="1" ind2="7" tag="785"><subfield code="t">Illinoian-Democrat</subfield><subfield code="w">(DLC)sn 91054709</subfield><subfield code="w">(OCoLC)24616141</subfield></datafield></record>